@article{olson2013predator,
  title     = {Predator confusion is sufficient to evolve swarming behaviour},
  author    = {Olson, Randal S and Hintze, Arend and Dyer, Fred C and Knoester, David B and Adami, Christoph},
  journal   = {Journal of The Royal Society Interface},
  volume    = {10},
  number    = {85},
  pages     = {20130305},
  year      = {2013},
  publisher = {The Royal Society}
} 

@article{li2023predator,
  title     = {Predator--prey survival pressure is sufficient to evolve swarming behaviors},
  author    = {Li, Jianan and Li, Liang and Zhao, Shiyu},
  journal   = {New Journal of Physics},
  volume    = {25},
  number    = {9},
  pages     = {092001},
  year      = {2023},
  publisher = {IOP Publishing}
}

@article{aoki1987zones,
  title   = {A Simulation Study on the Schooling Mechanism in Fish},
  author  = {Ichiro AOKI},
  journal = {NIPPON SUISAN GAKKAISHI},
  volume  = {48},
  number  = {8},
  pages   = {1081-1088},
  year    = {1982},
  doi     = {10.2331/suisan.48.1081}
}

@article{reynolds1987boids,
  author     = {Reynolds, Craig W.},
  title      = {Flocks, herds and schools: A distributed behavioral model},
  year       = {1987},
  issue_date = {July 1987},
  volume     = {21},
  number     = {4},
  issn       = {0097-8930},
  url        = {https://doi.org/10.1145/37402.37406},
  doi        = {10.1145/37402.37406},
  journal    = {SIGGRAPH Comput. Graph.}
}

@article{Vicsek1995,
  title     = {Novel Type of Phase Transition in a System of Self-Driven Particles},
  volume    = {75},
  issn      = {1079-7114},
  url       = {http://dx.doi.org/10.1103/PhysRevLett.75.1226},
  doi       = {10.1103/physrevlett.75.1226},
  number    = {6},
  journal   = {Physical Review Letters},
  publisher = {American Physical Society (APS)},
  author    = {Vicsek, Tamás and Czirók, András and Ben-Jacob, Eshel and Cohen, Inon and Shochet, Ofer},
  year      = {1995},
  month     = aug,
  pages     = {1226–1229}
}

@article{Hemelrijk2008,
  author  = {Hemelrijk, Charlotte K. and Hildenbrandt, Hanno},
  title   = {Self-Organized Shape and Frontal Density of Fish Schools},
  journal = {Ethology},
  volume  = {114},
  number  = {3},
  pages   = {245-254},
  doi     = {https://doi.org/10.1111/j.1439-0310.2007.01459.x},
  url     = {https://onlinelibrary.wiley.com/doi/abs/10.1111/j.1439-0310.2007.01459.x},
  year    = {2008}
}

@article{kunz2012,
  title   = {Simulations of the social organization of large schools of fish whose perception is obstructed},
  journal = {Applied Animal Behaviour Science},
  volume  = {138},
  number  = {3},
  pages   = {142-151},
  year    = {2012},
  note    = {Special Issue: Living In Large Groups},
  issn    = {0168-1591},
  doi     = {https://doi.org/10.1016/j.applanim.2012.02.002},
  url     = {https://www.sciencedirect.com/science/article/pii/S0168159112000342},
  author  = {Hanspeter Kunz and Charlotte K. Hemelrijk}
}

@article{lowe2017,
  title         = {Multi-Agent Actor-Critic for Mixed Cooperative-Competitive Environments},
  author        = {Ryan Lowe and Yi Wu and Aviv Tamar and Jean Harb and Pieter Abbeel and Igor Mordatch},
  journal       = {Proceedings of the 31st International Conference on Neural Information Processing Systems},
  year          = {2017},
  eprint        = {1706.02275},
  archiveprefix = {arXiv},
  primaryclass  = {cs.LG},
  url           = {https://arxiv.org/abs/1706.02275}
}


