@article{olson2013predator,
	title={Predator confusion is sufficient to evolve swarming behaviour},
	author={Olson, Randal S and Hintze, Arend and Dyer, Fred C and Knoester, David B and Adami, Christoph},
	journal={Journal of The Royal Society Interface},
	volume={10},
	number={85},
	pages={20130305},
	year={2013},
	publisher={The Royal Society}
} 

@article{li2023predator,
	title={Predator--prey survival pressure is sufficient to evolve swarming behaviors},
	author={Li, Jianan and Li, Liang and Zhao, Shiyu},
	journal={New Journal of Physics},
	volume={25},
	number={9},
	pages={092001},
	year={2023},
	publisher={IOP Publishing}
}

@article{aoki1982simulation,
	title={A Simulation Study on the Schooling Mechanism in Fish},
	author={Aoki, Ichiro},
	journal={NIPPON SUISAN GAKKAISHI},
	volume={48},
	number={8},
	pages={1081-1088},
	year={1982}
}

@article{reynolds1987flocks,
	author = {Reynolds, Craig W.},
	title = {Flocks, herds and schools: A distributed behavioral model},
	year = {1987},
	issue_date = {July 1987},
	publisher = {Association for Computing Machinery},
	address = {New York, NY, USA},
	volume = {21},
	number = {4},
	journal = {SIGGRAPH Comput. Graph.},
	pages = {25â€“34},
	numpages = {10}
}